<record><leader>00000cas a22000007a 4500</leader><controlfield tag="001">36179419</controlfield><controlfield tag="008">970109d19671969azuwr ne      0    0eng d</controlfield><datafield ind1=" " ind2=" " tag="010"><subfield code="a">sn 96060675 </subfield></datafield><datafield ind1=" " ind2=" " tag="040"><subfield code="a">ANN</subfield><subfield code="b">eng</subfield><subfield code="c">ANN</subfield><subfield code="d">OCLCQ</subfield><subfield code="d">OCLCO</subfield><subfield code="d">OCLCF</subfield></datafield><datafield ind1="1" ind2=" " tag="029"><subfield code="a">AU@</subfield><subfield code="b">000024818780</subfield></datafield><datafield ind1=" " ind2=" " tag="042"><subfield code="a">msc</subfield></datafield><datafield ind1=" " ind2=" " tag="043"><subfield code="a">n-us-az</subfield></datafield><datafield ind1="0" ind2=" " tag="130"><subfield code="a">Weekly American (Phoenix, Ariz. : Maryvale-Glendale Sun City ed.)</subfield></datafield><datafield ind1="1" ind2="4" tag="245"><subfield code="a">The weekly American.</subfield></datafield><datafield ind1="1" ind2="7" tag="246"><subfield code="a">American</subfield></datafield><datafield ind1=" " ind2=" " tag="250"><subfield code="a">Maryvale-Glendale Sun City ed.</subfield></datafield><datafield ind1=" " ind2=" " tag="260"><subfield code="a">Phoenix, Ariz. :</subfield><subfield code="b">American Print. Co.,</subfield><subfield code="c">1967-</subfield></datafield><datafield ind1=" " ind2=" " tag="300"><subfield code="a">v.</subfield></datafield><datafield ind1=" " ind2=" " tag="310"><subfield code="a">Weekly</subfield></datafield><datafield ind1="0" ind2=" " tag="362"><subfield code="a">Vol. 4, no. 27 (July 6, 1967)-</subfield></datafield><datafield ind1="1" ind2=" " tag="362"><subfield code="a">Ceased 1969.</subfield></datafield><datafield ind1=" " ind2=" " tag="580"><subfield code="a">Published in eight eds.: East Phoenix ed.; Maryvale-Glendale Sun City ed.; North Valley ed.; Scottsdale ed.; South Phoenix ed.; Southwest ed.; Tempe-Mesa ed.; West Phoenix ed.</subfield></datafield><datafield ind1=" " ind2=" " tag="580"><subfield code="a">All editions merged to form: Weekly American news.</subfield></datafield><datafield ind1=" " ind2="0" tag="651"><subfield code="a">Maryvale (Ariz.)</subfield><subfield code="v">Newspapers.</subfield></datafield><datafield ind1=" " ind2="0" tag="651"><subfield code="a">Phoenix (Ariz.)</subfield><subfield code="v">Newspapers.</subfield></datafield><datafield ind1=" " ind2="0" tag="651"><subfield code="a">Glendale (Ariz.)</subfield><subfield code="v">Newspapers.</subfield></datafield><datafield ind1=" " ind2="0" tag="651"><subfield code="a">Sun City (Ariz.)</subfield><subfield code="v">Newspapers.</subfield></datafield><datafield ind1=" " ind2="7" tag="651"><subfield code="a">Arizona</subfield><subfield code="z">Glendale.</subfield><subfield code="2">fast</subfield><subfield code="0">(OCoLC)fst01207568</subfield></datafield><datafield ind1=" " ind2="7" tag="651"><subfield code="a">Arizona</subfield><subfield code="z">Phoenix.</subfield><subfield code="2">fast</subfield><subfield code="0">(OCoLC)fst01213753</subfield></datafield><datafield ind1=" " ind2="7" tag="651"><subfield code="a">Arizona</subfield><subfield code="z">Phoenix</subfield><subfield code="z">Maryvale.</subfield><subfield code="2">fast</subfield><subfield code="0">(OCoLC)fst01797416</subfield></datafield><datafield ind1=" " ind2="7" tag="651"><subfield code="a">Arizona</subfield><subfield code="z">Sun City.</subfield><subfield code="2">fast</subfield><subfield code="0">(OCoLC)fst01216939</subfield></datafield><datafield ind1=" " ind2="7" tag="655"><subfield code="a">Newspapers.</subfield><subfield code="2">fast</subfield><subfield code="0">(OCoLC)fst01423814</subfield></datafield><datafield ind1=" " ind2=" " tag="752"><subfield code="a">United States</subfield><subfield code="b">Arizona</subfield><subfield code="c">Maricopa</subfield><subfield code="d">Phoenix.</subfield></datafield><datafield ind1="1" ind2=" " tag="775"><subfield code="t">Weekly American (Phoenix, Ariz. : East Phoenix ed.)</subfield><subfield code="w">(DLC)sn 96064392</subfield></datafield><datafield ind1="1" ind2=" " tag="775"><subfield code="t">Weekly American (Phoenix, Ariz. : North Valley ed.)</subfield><subfield code="w">(DLC)sn 96060615</subfield></datafield><datafield ind1="1" ind2=" " tag="775"><subfield code="t">Weekly American (Phoenix, Ariz. : Scottsdale ed.)</subfield><subfield code="w">(DLC)sn 96060676</subfield></datafield><datafield ind1="1" ind2=" " tag="775"><subfield code="t">Weekly American (Phoenix, Ariz. : South Phoenix ed.)</subfield><subfield code="w">(DLC)sn 96060616</subfield></datafield><datafield ind1="1" ind2=" " tag="775"><subfield code="t">Weekly American (Phoenix, Ariz. : Southwest ed.)</subfield><subfield code="w">(DLC)sn 96060617</subfield></datafield><datafield ind1="1" ind2=" " tag="775"><subfield code="t">Weekly American (Phoenix, Ariz. : Tempe-Mesa ed.)</subfield><subfield code="w">(DLC)sn 96060677</subfield></datafield><datafield ind1="1" ind2=" " tag="775"><subfield code="t">Weekly American (Phoenix, Ariz. : West Phoenix ed.)</subfield><subfield code="w">(DLC)sn 96060678</subfield></datafield><datafield ind1="0" ind2="0" tag="780"><subfield code="t">Phoenix American (Phoenix, Ariz. : Maryvale-Glendale zone)</subfield><subfield code="w">(DLC)sn 96060610</subfield></datafield><datafield ind1="1" ind2="7" tag="785"><subfield code="t">Weekly American (Phoenix, Ariz. : East Phoenix ed.)</subfield><subfield code="w">(DLC)sn 96064392</subfield></datafield><datafield ind1="1" ind2="7" tag="785"><subfield code="t">Weekly American (Phoenix, Ariz. : North Valley ed.)</subfield><subfield code="w">(DLC)sn 96060615</subfield></datafield><datafield ind1="1" ind2="7" tag="785"><subfield code="t">Weekly American (Phoenix, Ariz. : Scottsdale ed.)</subfield><subfield code="w">(DLC)sn 96060676</subfield></datafield><datafield ind1="1" ind2="7" tag="785"><subfield code="t">Weekly American (Phoenix, Ariz. : South Phoenix ed.)</subfield><subfield code="w">(DLC)sn 96060616</subfield></datafield><datafield ind1="1" ind2="7" tag="785"><subfield code="t">Weekly American (Phoenix, Ariz. : Southwest ed.)</subfield><subfield code="w">(DLC)sn 96060617</subfield></datafield><datafield ind1="1" ind2="7" tag="785"><subfield code="t">Weekly American (Phoenix, Ariz. : Tempe-Mesa ed.)</subfield><subfield code="w">(DLC)sn 96060677</subfield></datafield><datafield ind1="1" ind2="7" tag="785"><subfield code="t">Weekly American (Phoenix, Ariz. : West Phoenix ed.)</subfield><subfield code="w">(DLC)sn 96060678</subfield></datafield><datafield ind1="1" ind2="7" tag="785"><subfield code="t">Weekly American news</subfield><subfield code="w">(DLC)sn 95060520</subfield></datafield></record>